<?xml version="1.0" encoding="UTF-8"?><collection xmlns="http://www.loc.gov/MARC21/slim"><record><leader>00364nam--2200133-i-4500</leader><controlfield tag="001">000044798</controlfield><controlfield tag="002">20161230</controlfield><controlfield tag="005">20161230201044</controlfield><controlfield tag="008">060222s1000------------r-----000-0-eng-d</controlfield><datafield ind1=" " ind2=" " tag="100"><subfield code="a">Thomson, Sir George</subfield></datafield><datafield ind1=" " ind2=" " tag="245"><subfield code="a">The atom</subfield></datafield><datafield ind1=" " ind2=" " tag="260"><subfield code="a">London, Oxford U&lt;niversity Press, 1956, Viii + 206p</subfield></datafield><datafield ind1=" " ind2=" " tag="490"><subfield code="a">The Home University Library Of Modern Knowledge</subfield></datafield><datafield ind1=" " ind2=" " tag="852"><subfield code="a">12741</subfield></datafield></record></collection>